<record><leader>01211crm a2200301 a 4500</leader><controlfield tag="001">1314114</controlfield><controlfield tag="008">900821s1985    enk               aneng c</controlfield><datafield ind1=" " ind2=" " tag="020"><subfield code="a">0901380512</subfield></datafield><datafield ind1=" " ind2=" " tag="035"><subfield code="a">ocn465085139</subfield></datafield><datafield ind1=" " ind2=" " tag="040"><subfield code="b">eng</subfield></datafield><datafield ind1=" " ind2=" " tag="043"><subfield code="a">e-uk-en</subfield></datafield><datafield ind1=" " ind2=" " tag="049"><subfield code="a">AEU</subfield><subfield code="b">eng</subfield></datafield><datafield ind1=" " ind2="3" tag="055"><subfield code="a">N 7433.4 C692</subfield><subfield code="b">A6 W926 1985</subfield></datafield><datafield ind1="0" ind2=" " tag="090"><subfield code="a">N 7433.4 C692 A6 W926 1985</subfield></datafield><datafield ind1="1" ind2=" " tag="100"><subfield code="a">Coleman, John.</subfield></datafield><datafield ind1="1" ind2="0" tag="245"><subfield code="a">Work from common knowledge</subfield><subfield code="h">[art original] /</subfield><subfield code="c">John Coleman, Glyn Bands, Hannah Vowles.</subfield></datafield><datafield ind1=" " ind2=" " tag="260"><subfield code="a">Guilford :</subfield><subfield code="b">Circle Press,</subfield><subfield code="c">1985.</subfield></datafield><datafield ind1=" " ind2=" " tag="300"><subfield code="a">1 artists' book ([27] leaves) :</subfield><subfield code="b">col. ;</subfield><subfield code="c">24 x 30 cm.</subfield></datafield><datafield ind1=" " ind2=" " tag="336"><subfield code="a">three-dimensional form</subfield><subfield code="b">tdf</subfield><subfield code="2">rdacontent</subfield></datafield><datafield ind1=" " ind2=" " tag="338"><subfield code="a">object</subfield><subfield code="b">nr</subfield><subfield code="2">rdacarrier</subfield></datafield><datafield ind1=" " ind2=" " tag="500"><subfield code="a">Imagery is created using silk-screen, wood-cut, line-block and letterpress techniques. "In this book the relation of image to text is arbitrary"--recto of leaf [1].</subfield></datafield><datafield ind1=" " ind2=" " tag="500"><subfield code="a">Edition of 100 copies printed.</subfield></datafield><datafield ind1=" " ind2=" " tag="500"><subfield code="a">University of Alberta copy is no. 97, signed by the artists.</subfield><subfield code="5">CaAEU</subfield></datafield><datafield ind1=" " ind2=" " tag="596"><subfield code="a">50</subfield></datafield><datafield ind1=" " ind2="0" tag="650"><subfield code="a">Artists' books</subfield><subfield code="z">England.</subfield></datafield><datafield ind1="1" ind2=" " tag="700"><subfield code="a">Banks, Glyn.</subfield></datafield><datafield ind1="1" ind2=" " tag="700"><subfield code="a">Vowles, Hannah.</subfield></datafield><datafield ind1=" " ind2=" " tag="926"><subfield code="a">N 7433.4 C692 A6 W926 1985</subfield><subfield code="w">LC</subfield><subfield code="c">1</subfield><subfield code="i">000033730235</subfield><subfield code="l">SPECIALCOL</subfield><subfield code="m">UASPCOLL</subfield><subfield code="p">$150.00</subfield><subfield code="r">Y</subfield><subfield code="s">Y</subfield><subfield code="t">NO_LOAN</subfield><subfield code="u">9/4/1990</subfield></datafield></record>